@book{bonahonlow,
  title={Low-dimensional Geometry: From Euclidean Surfaces to Hyperbolic Knots},
  author={Bonahon, F.},
  isbn={9780821884652},
  series={IAS/Park city mathematical subseries},
  url={https://books.google.com/books?id=YZ1L8S4osKsC},
  publisher={American Mathematical Soc.}
}

@book{uniformization_northwestern,
    title={The Uniformization Theorem},
    url={https://sites.math.northwestern.edu/~spoho/pdf/Uniformization.pdf},
    publisher={Northwestern University Mathematics}
}

@misc{categorytheory_intro,
    title={What is Category Theory Anyway?},
    note={https://www.math3ma.com/blog/what-is-category-theory-anyway},
    year={2017}
}

@book{riemann_surfaces_algebraic_curves,                     place={Cambridge}, 
    series={London Mathematical Society Student Texts}, title={Riemann Surfaces and Algebraic Curves: A First Course in Hurwitz Theory}, DOI={10.1017/CBO9781316569252}, 
    publisher={Cambridge University Press}, author={Cavalieri, Renzo and Miles, Eric}, 
    year={2016}, collection={London Mathematical Society Student Texts}
}

@book{hatcher_algebraic_topology,
  title={Algebraic Topology},
  author={Hatcher, A.},
  isbn={9780521795401},
  lccn={00065166},
  series={Algebraic Topology},
  url={https://books.google.com/books?id=BjKs86kosqgC},
  year={2002},
  publisher={Cambridge University Press}
}

@misc{fundamental_groups_and_connections_to_covering_spaces,
    title={The Fundamental Group and Connections to Covering Spaces}, 
    author={Christopher Stith},
    year={2016},
    publisher={University of Chicago Mathematics},
    note={http://math.uchicago.edu/~may/REU2016/REUPapers/Stith.pdf}
}

@misc{uniformization_theorem_pf_marshall, 
    title={The Uniformization Theorem}, note={https://www.math.washington.edu/~marshall/preprints/uniformizationII.pdf},
    publisher={University of Washington}, author={Marshall, Donald E.}
}

@misc{belyi_functions_examples_zvonkin, 
    title={Belyi Functions: Examples, Properties, and Applications}, author={Zvonkin, Alexander K}
}

@misc{actions_of_abs_group_lizhen, 
    title={ACTIONS OF THE ABSOLUTE GALOIS GROUP}, author={A'Campo, Norbert and Ji, Lizhen and Papadopoulos, Athanase}, 
    year={2016}, 
    month={Mar}
}

@misc{tsinghua_hypergeometric, 
    title={Tsinghua Lectures on Hypergeometric Functions}, journal={https://www.math.ru.nl/~heckman/tsinghua.pdf}, author={Heckman, Gert}, 
    year={2015}, month={Dec}
}

@ARTICLE{dessin_fuchsian,
       author = {{Larusson}, Finnur and {Sadykov}, Timur},
        title = "{Dessins d'enfants and differential equations}",
      journal = {arXiv Mathematics e-prints},
     keywords = {Mathematics - Complex Variables, Mathematics - Algebraic Geometry, Mathematics - Combinatorics, 32S40, 05C05, 14H30, 32G34, 34M15, 34M50},
         year = "2006",
        month = "Jul",
          eid = {math/0607773},
        pages = {math/0607773},
archivePrefix = {arXiv},
       eprint = {math/0607773},
 primaryClass = {math.CV},
       adsurl = {https://ui.adsabs.harvard.edu/abs/2006math......7773L},
      adsnote = {Provided by the SAO/NASA Astrophysics Data System}
}
